@article{shannon,
    title={{XXII.} {Programming a computer for playing chess}},
    author={Shannon, Claude E},
    journal={The London, Edinburgh, and Dublin Philosophical Magazine and Journal of Science},
    volume={41},
    number={314},
    pages={256--275},
    year={1950},
    publisher={Taylor \& Francis}
}

@article{deepBlue,
    title={Deep blue},
    author={Campbell, Murray and Hoane Jr, A Joseph and Hsu, Feng-hsiung},
    journal={Artificial intelligence},
    volume={134},
    number={1-2},
    pages={57--83},
    year={2002},
    publisher={Elsevier}
}

@inproceedings{chessPatterns,
    title={Patterns for the game of chess},
    author={L{\'o}pez-Michelone, Manuel Crist{\'o}bal and Ortega-Arjona, Jorge Luis},
    booktitle={Proceedings of the 11th Latin-American Conference on Pattern Languages of Programming},
    pages={1--15},
    year={2016}
}

@misc{chesscomMembers,
    title = "Members - Chess.com",
    author = "{Chess.com}",
    year = "2024",
    howpublished = "\url{https://www.chess.com/members}",
    note = "[Online; accessed 24-January-2024]"
}

@book{thoughtAndChoice,
    title={Thought and choice in chess},
    author={De Groot, Adriaan D},
    volume={4},
    year={1965},
    publisher={Walter de Gruyter GmbH \& Co KG}
}

@article{bilalic2010mechanisms,
    title={Mechanisms and neural basis of object and pattern recognition: a study with chess experts.},
    author={Bilali{\'c}, Merim and Langner, Robert and Erb, Michael and Grodd, Wolfgang},
    journal={Journal of Experimental Psychology: General},
    volume={139},
    number={4},
    pages={728},
    year={2010},
    publisher={American Psychological Association}
}

@article{chessLanguage,
    title={A description language for chess},
    author={L{\'o}pez-Michelone, Manuel Crist{\'o}bal and Ortega-Arjona, Jorge L},
    journal={ICGA Journal},
    volume={42},
    number={1},
    pages={2--13},
    year={2020},
    publisher={IOS Press}
}

@article{cql,
    title={The chess query language: {CQL}},
    author={Costeff, Gady},
    journal={ICGA Journal},
    volume={27},
    number={4},
    pages={217--225},
    year={2004},
    publisher={IOS Press}
}

@misc{cqli,
    title = "{CQLi}",
    author = "{Gamble, Robert}",
    year = "2022",
    howpublished = "\url{https://cql64.com/}",
    note = "[Online; accessed 24-January-2024]"
}

@misc{lichessPuzzles,
    title = "{lichess.org open puzzle database}",
    author = "{lichess.org}",
    year = "2022",
    howpublished = "\url{https://database.lichess.org/#puzzles}",
    note = "[Online; accessed 24-January-2024]"
}

@misc{lichessXML,
    title = "{lichess.org puzzle tag description}",
    author = "{lichess.org}",
    year = "2021",
    howpublished = "\url{https://github.com/lichess-org/lila/blob/master/translation/source/puzzleTheme.xml}",
    note = "[Online; accessed 24-January-2024]"
}

@misc{lichessTagger,
    title = "{lichess.org puzzle tagger}",
    author = "{lichess.org}",
    year = "2023",
    howpublished = "\url{https://github.com/ornicar/lichess-puzzler/blob/master/tagger/cook.py}",
    note = "[Online; accessed 24-January-2024]"
}

@inproceedings{middlegamePatterns,
    title={Learning middle-game patterns in chess: A case study},
    author={Kub\'{a}t, Miroslav and {\v{Z}}i{\v{z}}ka, Jan},
    booktitle={Intelligent Problem Solving. Methodologies and Approaches: 13th International Conference on Industrial and Engineering Applications of Artificial Intelligence and Expert Systems, IEA/AIE 2000 New Orleans, Louisiana, USA, June 19--22, 2000 Proceedings 13},
    pages={426--433},
    year={2000},
    organization={Springer}
}

@phdthesis{chessCNN,
    title={Learning to play chess with minimal lookahead and deep value neural networks},
    author={Sabatelli, Matthia},
    year={2017},
    school={Faculty of Science and Engineering}
}

@article{chessKernel,
    title={A novel and accurate chess pattern for automated texture classification},
    author={Tuncer, Turker and Dogan, Sengul and Ataman, Volkan},
    journal={Physica A: Statistical Mechanics and its Applications},
    volume={536},
    pages={122584},
    year={2019},
    publisher={Elsevier}
}

@article{chess2vec,
    title={Chess2vec: learning vector representations for chess},
    author={Kapicioglu, Berk and Iqbal, Ramiz and Koc, Tarik and Andre, Louis Nicolas and Volz, Katharina Sophia},
    journal={arXiv preprint arXiv:2011.01014},
    year={2020}
}

@inproceedings{similarChess,
    title={Retrieval of similar chess positions},
    author={Ganguly, Debasis and Leveling, Johannes and Jones, Gareth JF},
    booktitle={Proceedings of the 37th international ACM SIGIR conference on Research \& development in information retrieval},
    pages={687--696},
    year={2014}
}

@misc{fideNotation,
    title = "{Appendix C. Algebraic Notation}",
    author = "{Fédération Internationale des Échecs (FIDE)}",
    year = "2024",
    howpublished = "\url{https://rcc.fide.com/appendixc/}",
    note = "[Online; accessed 10-April-2024]"
}

@misc{pgnNotation,
    title = "{Standard: Portable Game Notation Specification and Implementation Guide}",
    author = "{Steven J. Edwards}",
    year = "1994",
    howpublished = "\url{https://archive.org/download/pgn-standard-1994-03-12/PGN_standard_1994-03-12.txt}",
    note = "[Online; accessed 10-April-2024]"
}

@misc{chesscomTactics,
    title = "{Chess Tactics | 38 Definitions and Examples}",
    author = "{chess.com}",
    year = "2021",
    howpublished = "\url{https://www.chess.com/article/view/chess-tactics}",
    note = "[Online; accessed 10-April-2024]"
}

@misc{cqlSmothered,
    title = "{smotheredmate.cql}",
    author = "{Costeff, Gady}",
    year = "2024",
    howpublished = "\url{http://www.gadycosteff.com/cql/examples/smotheredmate.html}",
    note = "[Online; accessed 10-April-2024]"
}
